%länk om bibtex:
%https://en.wikibooks.org/wiki/LaTeX/Bibliography_Management#BibTeX
%länk om IEEE:
% www.ieee.org/documents/ieeecitationref.pdf
% http://guides.lib.chalmers.se/IEEE_guide


@article{Hitchin2010,
abstract = {These are lecture notes mainly aimed at graduate students on selected aspects of generalized geometry: in particular generalized complex and Kaehler structures and generalized holomorphic bundles. They are based on lectures given in March 2010 at the Chinese University of Hong Kong.},
archivePrefix = {arXiv},
arxivId = {1008.0973},
author = {Hitchin, Nigel},
doi = {10.4310/SDG.2011.v16.n1.a3},
eprint = {1008.0973},
file = {:Users/Robin{\_}Karlsson/Desktop/1008.0973.pdf:pdf},
issn = {10529233},
mendeley-groups = {Master Thesis/Generalized Geometry},
pages = {1--52},
title = {{Lectures on generalized geometry}},
url = {http://arxiv.org/abs/1008.0973},
year = {2010}
}
