@misc{CederwallPalmkvist2017,
   author = {{Cederwall}, M. and {Palmkvist}, J.},
    title = "{Extended geometries}",
  %journal = "",%{ArXiv e-prints},
archivePrefix = "arXiv",
   eprint = {1711.07694},
 primaryClass = "hep-th",
 keywords = {High Energy Physics - Theory},
     year = 2017,
    %month = ,
   adsurl = {http://adsabs.harvard.edu/abs/2017arXiv171107694C},
  adsnote = {Provided by the SAO/NASA Astrophysics Data System}
}

@misc{Berman2014,
   author = {{Berman}, D.~S. and {Thompson}, D.~C.},
    title = "{Duality Symmetric String and M-Theory}",
  journal = {ArXiv e-prints},
archivePrefix = "arXiv",
   eprint = {1306.2643},
 primaryClass = "hep-th",
 keywords = {High Energy Physics - Theory},
     year = 2013,
    month = jun,
   adsurl = {http://adsabs.harvard.edu/abs/2013arXiv1306.2643B},
  adsnote = {Provided by the SAO/NASA Astrophysics Data System}
}

@misc{Bossard2017,
   author = {{Bossard}, G. and {Cederwall}, M. and {Kleinschmidt}, A. and 
	{Palmkvist}, J. and {Samtleben}, H.},
    title = "{Generalized diffeomorphisms for E$_{9}$}",
  journal = {\prd},
archivePrefix = "arXiv",
   eprint = {1708.08936},
 primaryClass = "hep-th",
     year = 2017,
    month = nov,
   volume = 96,
   number = 10,
      eid = {106022},
    pages = {106022},
      doi = {10.1103/PhysRevD.96.106022},
   adsurl = {http://adsabs.harvard.edu/abs/2017PhRvD..96j6022B},
  adsnote = {Provided by the SAO/NASA Astrophysics Data System}
}

@misc{Berman2013,
   author = {{Berman}, D.~S. and {Cederwall}, M. and {Kleinschmidt}, A. and 
	{Thompson}, D.~C.},
    title = "{The gauge structure of generalised diffeomorphisms}",
  journal = {Journal of High Energy Physics},
archivePrefix = "arXiv",
   eprint = {1208.5884},
 primaryClass = "hep-th",
 keywords = {Space-Time Symmetries, M-Theory},
     year = 2013,
    month = jan,
   volume = 1,
      eid = {64},
    pages = {64},
      doi = {10.1007/JHEP01(2013)064},
   adsurl = {http://adsabs.harvard.edu/abs/2013JHEP...01..064B},
  adsnote = {Provided by the SAO/NASA Astrophysics Data System}
}


@ARTICLE{E62014,
   author = {{Hohm}, O. and {Samtleben}, H.},
    title = "{Exceptional field theory. I. E6(6)-covariant form of M-theory and type IIB}",
  journal = {\prd},
archivePrefix = "arXiv",
   eprint = {1312.0614},
 primaryClass = "hep-th",
 keywords = {M theory, Higher-dimensional gravity and other theories of gravity, Supergravity},
     year = 2014,
    month = mar,
   volume = 89,
   number = 6,
      eid = {066016},
    pages = {066016},
      doi = {10.1103/PhysRevD.89.066016},
   adsurl = {http://adsabs.harvard.edu/abs/2014PhRvD..89f6016H},
  adsnote = {Provided by the SAO/NASA Astrophysics Data System}
}

@ARTICLE{E72014,
   author = {{Hohm}, O. and {Samtleben}, H.},
    title = "{Exceptional field theory. II. E$_{7(7)}$}",
  journal = {\prd},
archivePrefix = "arXiv",
   eprint = {1312.4542},
 primaryClass = "hep-th",
 keywords = {M theory, Higher-dimensional gravity and other theories of gravity, Supergravity},
     year = 2014,
    month = mar,
   volume = 89,
   number = 6,
      eid = {066017},
    pages = {066017},
      doi = {10.1103/PhysRevD.89.066017},
   adsurl = {http://adsabs.harvard.edu/abs/2014PhRvD..89f6017H},
  adsnote = {Provided by the SAO/NASA Astrophysics Data System}
}

@ARTICLE{E82014,
   author = {{Hohm}, O. and {Samtleben}, H.},
    title = "{Exceptional field theory. III. E8(8)}",
  journal = {\prd},
archivePrefix = "arXiv",
   eprint = {1406.3348},
 primaryClass = "hep-th",
 keywords = {M theory, Higher-dimensional gravity and other theories of gravity, Supergravity},
     year = 2014,
    month = sep,
   volume = 90,
   number = 6,
      eid = {066002},
    pages = {066002},
      doi = {10.1103/PhysRevD.90.066002},
   adsurl = {http://adsabs.harvard.edu/abs/2014PhRvD..90f6002H},
  adsnote = {Provided by the SAO/NASA Astrophysics Data System}
}